<record><leader>00000cas a22000007a 4500</leader><controlfield tag="001">18775037</controlfield><controlfield tag="008">881117d19791984pauwr ne      0    0eng d</controlfield><datafield ind1=" " ind2=" " tag="010"><subfield code="a">sn 88081018 </subfield></datafield><datafield ind1=" " ind2=" " tag="040"><subfield code="a">NPH</subfield><subfield code="b">eng</subfield><subfield code="c">NPH</subfield><subfield code="d">OCLCQ</subfield></datafield><datafield ind1=" " ind2=" " tag="042"><subfield code="a">msc</subfield></datafield><datafield ind1="0" ind2=" " tag="130"><subfield code="a">Valley voice (Sheffield, Pa.)</subfield></datafield><datafield ind1="1" ind2="4" tag="245"><subfield code="a">The valley voice.</subfield></datafield><datafield ind1=" " ind2=" " tag="260"><subfield code="a">Sheffield, Pa. :</subfield><subfield code="b">Valley Pub. Co.,</subfield><subfield code="c">1979-1984.</subfield></datafield><datafield ind1=" " ind2=" " tag="300"><subfield code="a">v. :</subfield><subfield code="b">ill. ;</subfield><subfield code="c">37 cm.</subfield></datafield><datafield ind1=" " ind2=" " tag="310"><subfield code="a">Weekly</subfield></datafield><datafield ind1="0" ind2=" " tag="362"><subfield code="a">Vol. 1, no. 1 (Apr. 6, 1979)-v. 6, no. 27 (Sept. 28, 1984).</subfield></datafield><datafield ind1=" " ind2=" " tag="500"><subfield code="a">"Serving Sheffield, Tiona and Clarendon Area."</subfield></datafield><datafield ind1=" " ind2=" " tag="752"><subfield code="a">United States</subfield><subfield code="b">Pennsylvania</subfield><subfield code="c">Warren</subfield><subfield code="d">Sheffield.</subfield></datafield><datafield ind1="0" ind2="7" tag="785"><subfield code="t">Valley echo (Sheffield, Pa.)</subfield><subfield code="w">(DLC)sn 88081017</subfield></datafield><datafield ind1="0" ind2="7" tag="785"><subfield code="t">Valley voice and echo</subfield><subfield code="w">(DLC)sn 88081016</subfield></datafield></record>